@inproceedings{mannHDR,
  title={High dynamic range (hdr) video image processing for digital glass},
  author={Lo, Raymond Chun Hing and Mann, Steve and Huang, Jason and Rampersad, Valmiki and Ai, Tao},
  booktitle={Proceedings of the 20th ACM international conference on Multimedia},
  pages={1477--1480},
  year={2012},
  organization={ACM}
}

@article{arsurvey,
  title={A survey of augmented reality technologies, applications and limitations},
  author={Van Krevelen, DWF and Poelman, R},
  journal={International Journal of Virtual Reality},
  volume={9},
  number={2},
  pages={1},
  year={2010}
}

@inproceedings{mann2012realtime,
  title={Realtime hdr (high dynamic range) video for eyetap wearable computers, fpga-based seeing aids, and glasseyes (eyetaps)},
  author={Mann, Steve and Lo, Raymond Chun Hing and Ovtcharov, Kalin and Gu, Shixiang and Dai, David and Ngan, Calvin and Ai, Tao},
  booktitle={Electrical \& Computer Engineering (CCECE), 2012 25th IEEE Canadian Conference on},
  pages={1--6},
  year={2012},
  organization={IEEE}
}

@inproceedings{mann1998wearable,
  title={Wearable computing as means for personal empowerment},
  author={Mann, Steve},
  booktitle={Proc. 3rd Int. Conf. on Wearable Computing (ICWC)},
  pages={51--59},
  year={1998}
}

@article{mann1998humanistic,
  title={Humanistic computing:"WearComp" as a new framework and application for intelligent signal processing},
  author={Mann, Steve},
  journal={Proceedings of the IEEE},
  volume={86},
  number={11},
  pages={2123--2151},
  year={1998},
  publisher={IEEE}
}

@article{mann2001wearable,
  title={Wearable computing: Toward humanistic intelligence},
  author={Mann, Steve},
  journal={IEEE Intelligent Systems},
  volume={16},
  number={3},
  pages={10--15},
  year={2001},
  publisher={IEEE}
}

@article{mann2015phenomenal,
  title={Phenomenal Augmented Reality: Advancing technology for the future of humanity.},
  author={Mann, Steve},
  journal={IEEE Consumer Electronics Magazine},
  volume={4},
  number={4},
  pages={92--97},
  year={2015},
  publisher={IEEE}
}

@article{mann1997wearable,
  title={Wearable computing: A first step toward personal imaging},
  author={Mann, Steve},
  journal={Computer},
  volume={30},
  number={2},
  pages={25--32},
  year={1997},
  publisher={IEEE}
}

@inproceedings{caudell1992augmented,
  title={Augmented reality: An application of heads-up display technology to manual manufacturing processes},
  author={Caudell, Thomas P and Mizell, David W},
  booktitle={System Sciences, 1992. Proceedings of the Twenty-Fifth Hawaii International Conference on},
  volume={2},
  pages={659--669},
  year={1992},
  organization={IEEE}
}

@inproceedings{drascic1996perceptual,
  title={Perceptual issues in augmented reality},
  author={Drascic, David and Milgram, Paul},
  booktitle={Electronic Imaging: Science \& Technology},
  pages={123--134},
  year={1996},
  organization={International Society for Optics and Photonics}
}
